@misc{wiki:wissarbeit,
  author = {Wikipedia},
  title = {Wissenschaftliche Arbeit},
  year = {2016},
  url = {https://de.wikipedia.org/w/index.php?title=Wissenschaftliche\_Arbeit&oldid=156007167},
  lastchecked = {2016-07-21}
}

@INPROCEEDINGS{Gray1981,
  author = {Jim Gray},
  title = {{The Transaction Concept: Virtues and Limitations}},
  booktitle = {Very Large Data Bases, 7th International Conference, September 9-11,
	Cannes, France, Proceedings},
  year = {1981},
  pages = {144-154},
  publisher = {IEEE Computer Society},
  bibsource = {DBLP, http://dblp.uni-trier.de},
  ee = {db/conf/vldb/Gray81.html},
  pdf = {http://www.stanford.edu/class/cs240/readings/Gray81.pdf},
  url = {http://www.stanford.edu/class/cs240/readings/Gray81.pdf},
}

@MANUAL{Andrews2003,
  title = {{Business Process Execution Language for Web Services Version 1.1}},
  author = {Tony Andrews and Francisco Curbera and Hitesh Dholakia and Yaron
	Goland and Johannes Klein and Frank Leymann and Kevin Liu and Dieter
	Roller and Doug Smith and Satish Thatte and Ivana Trickovic and Sanjiva
	Weerawarana},
  month = {Mai},
  year = {2003},
  note = {\url{ftp://www6.software.ibm.com/software/developer/library/ws-bpel.pdf}},
  pdf = {ftp://www6.software.ibm.com/software/developer/library/ws-bpel.pdf},
  url = {#ftp://www6.software.ibm.com/software/developer/library/ws-bpel.pdf#},
}

@BOOKLET{compbtpwsc,
  title = {{A comparison of Web services transaction protocols (A comparative
	analysis of WS-C/WS-Tx and OASIS BTP)}},
  author = {Mark Little and Thomas Freund },
  month = {10},
  year = {2003},
  note = {\url{http://www-106.ibm.com/developerworks/webservices/library/ws-comproto/}},
  url = {#http://www-106.ibm.com/developerworks/webservices/library/ws-comproto/#},
}

@MASTERSTHESIS{Rathig2004Diplom,
  author = {Denis Rathig},
  title = {{Transaktionskontrolle für Grid Data Services}},
  school = {Universität Hamburg, Fachbereich Informatik, Verteilte Systeme und
	Informationssysteme},
  year = {2004},
  pdf = {http://vsis-www.informatik.uni-hamburg.de/getDoc.php/thesis/205/DA_Rathig.pdf},
}

@MISC{Ritter2003,
  author = {Norbert Ritter},
  title = {{Informationen zur Vorlesung "`Transaktionale Informationssysteme"',
	Kapitel 6: Erweiterte Transaktionsmodelle}},
  howpublished = {Internet},
  year = {2003},
  note = {\url{http://vsis-www.informatik.uni-hamburg.de/teaching/ws-03.04/trais/Kapitel6.pdf}},
  pdf = {http://vsis-www.informatik.uni-hamburg.de/teaching/ws-03.04/trais/Kapitel6.pdf},
  url = {#http://vsis-www.informatik.uni-hamburg.de/teaching/ws-03.04/trais/Kapitel6.pdf#},
}

@BOOK{Vossen2000,
  title = {{Datenbankmodelle, Datenbanksprachen und Datenbankmanagementsysteme}},
  publisher = {Oldenbourg Verlag},
  year = {2000},
  author = {Gottfried Vossen},
  edition = {4., korrigierte und ergänzte Auflage},
  isbn = {3-486-25339-5},
}
